<?xml version="1.0" encoding="UTF-8"?><collection xmlns="http://www.loc.gov/MARC21/slim"><record><leader>00374nam--2200145-i-4500</leader><controlfield tag="001">000003858</controlfield><controlfield tag="002">20161230</controlfield><controlfield tag="005">20170225110239</controlfield><controlfield tag="008">060222s1000------------r-----000-0-eng-d</controlfield><datafield ind1=" " ind2=" " tag="100"><subfield code="a">Cogan, G. I</subfield></datafield><datafield ind1=" " ind2=" " tag="245"><subfield code="a">Marirea productivitatii masinilor de frezat ro ti dintate</subfield></datafield><datafield ind1=" " ind2=" " tag="260"><subfield code="a">Bucuresti</subfield><subfield code="b">I.D.T</subfield><subfield code="c">1949</subfield></datafield><datafield ind1=" " ind2=" " tag="300"><subfield code="a">218 p</subfield></datafield><datafield ind1=" " ind2=" " tag="852"><subfield code="a">621.834</subfield></datafield><datafield ind1=" " ind2=" " tag="CAT"><subfield code="a">SYS</subfield><subfield code="c">20170225</subfield><subfield code="h">110239</subfield></datafield></record></collection>